@book{perryetal,
  title={Predictive policing: The role of crime forecasting in law enforcement operations},
  author={Perry, Walt L and McInnis, Brian and Price, Carter C and Smith, Susan C and Hollywood, John S},
  year={2013},
  publisher={Rand Corporation}
}
@misc{nyt, 
  title={Sending the Police Before Thereâ€™s a Crime}, 
  url={http://www.nytimes.com/2011/08/16/us/16police.html?_r=3}, 
  journal={The New York Times}, 
  publisher={The New York Times}, 
  author={Goode, Erica}, 
  year={2011}, 
  month={Aug}
} 
@article{amoore2011data,
  title={Data derivatives on the emergence of a security risk calculus for our times},
  author={Amoore, Louise},
  journal={Theory, Culture \& Society},
  volume={28},
  number={6},
  pages={24--43},
  year={2011},
  publisher={Sage Publications}
}
@article{perryprotecting,
  title={Protecting Individual Privacy in the Struggle Against Terrorists A Framework for Program Assessment: Executive Summary},
  author={Perry, William J and Vest, Charles M},
  journal={Journal of Privacy and Confidentiality},
  volume={2},
  number={1},
  pages={5},
  year={2010}
}
@book{hildebrandt2013privacy,
  title={Privacy, due process and the computational turn: the philosophy of law meets the philosophy of technology},
  author={Hildebrandt, Mireille and De Vries, Katja},
  year={2013},
  publisher={Routledge}
}
@misc{hardt,
  title={How big data is unfair: Understanding sources of unfairness in data driven decision making},
  author={Hardt, Moritz},
  year={2014},
  publisher={Medium}
}
@article{robinson2014civil,
  title={Civil rights, big data, and our algorithmic future},
  author={Robinson, D and Yu, H and Rieke, A},
  journal={Robinson \& Yu},
  year={2014}
}
@article{ferguson2012predictive,
  title={Predictive policing and reasonable suspicion},
  author={Ferguson, Andrew Guthrie},
  year={2012}
}
@misc{intercept,
  title={The NSA's Secret Role in the U.S. Assassination Program},
  url={https://theintercept.com/2014/02/10/the-nsas-secret-role/},
  journal={The Intercept},
  publisher={The Intercept},
  author={Scahill, Jeremy and Greenwald, Glenn},
  year={2014},
  month={Feb}
} 
@misc{dekota,
  title={LSI-R: Level of Service Inventory-Revised Introductory Training Course},
  url={http://dhs.sd.gov/drs/recorded_videos/training/lsi-r/doc/lsi-r introductory training participant manual.pdf},
  journal={LSI-R: Level of Service Inventory-Revised Introductory Training Course},
  publisher={Department of Human Services - South Dekota},
  author={South Dekota Department of Human Services, Division of Rehabilitation Services},
  year={2012},
  month={Apr}
}
@misc{oed,
  title={Definition of due process in English:},
  url={http://www.oxforddictionaries.com/us/definition/american_english/due-process},
  journal={due process: definition of due process in Oxford dictionary (American English) (US)},
  publisher={Oxford English Dictionary}
}
@article{friendly,
  title={Some kind of hearing},
  author={Friendly, Henry J},
  journal={University of Pennsylvania Law Review},
  volume={123},
  number={6},
  pages={1267--1317},
  year={1975},
  publisher={JSTOR}
}
@misc{terry,
  title={Terry v. Ohio},
  booktitle={US},
  volume={392},
  pages={1},
  number={No. 67},
  year={1968},
  publisher={Supreme Court}
}
@article{joh2014policing,
  title={Policing by Numbers: Big Data and the Fourth Amendment},
  author={Joh, Elizabeth E},
  year={2014}
}
@article{citron2014scored,
  title={The scored society: due process for automated predictions},
  author={Citron, Danielle Keats and Pasquale, Frank A},
  journal={Washington Law Review},
  volume={89},
  year={2014}
}
@book{gitelman2013raw,
  title={Raw data is an oxymoron},
  author={Gitelman, Lisa},
  year={2013},
  publisher={MIT Press}
}
@misc{wex_due_process,
  title={Due Process},
  url={https://www.law.cornell.edu/wex/due_process},
  journal={LII / Legal Information Institute},
  publisher={Cornell University}
}
@misc{wex_procedural,
  title={Procedural due process},
  url={https://www.law.cornell.edu/wex/procedural_due_process},
  journal={LII / Legal Information Institute},
  publisher={Cornell University}
}
@misc{wex_substantive,
  title={Substantive due process},
  url={https://www.law.cornell.edu/wex/substantive_due_process},
  journal={LII / Legal Information Institute},
  publisher={Cornell University}
}
@misc{wex_suspicion,
  title={Reasonable Suspicion},
  url={https://www.law.cornell.edu/wex/reasonable_suspicion},
  journal={LII / Legal Information Institute},
  publisher={Cornell University}
}
@misc{wex_cause,
  title={Probable Cause},
  url={https://www.law.cornell.edu/wex/probable_cause},
  journal={LII / Legal Information Institute},
  publisher={Cornell University}
}
@article{crawford2014big,
  title={Big data and due process: Toward a framework to redress predictive privacy harms},
  author={Crawford, Kate and Schultz, Jason},
  journal={BCL Rev.},
  volume={55},
  pages={93},
  year={2014},
  publisher={HeinOnline}
}
@book{kahneman,
  title={Thinking, fast and slow},
  author={Kahneman, Daniel},
  year={2011},
  publisher={Macmillan}
}

